@book{ref1,
  title={Mathematical models in population biology and epidemiology},
  author={Brauer, Fred and Castillo-Chavez, Carlos and Castillo-Chavez, Carlos},
  volume={40},
  year={2001},
  publisher={Springer}
}

@book{ref2,
  title={Deterministic mathematical models in population ecology},
  author={Freedman, Herbert I},
  volume={57},
  year={1980},
  publisher={Marcel Dekker Inc}
}

@article{ref3,
  title={Predator-prey model},
  author={Hoppensteadt, Frank},
  journal={Scholarpedia},
  volume={1},
  number={10},
  pages={1563},
  year={2006}
}

@article{ref4,
  title={Contribution to the theory of periodic reactions},
  author={Lotka, Alfred J},
  journal={The Journal of Physical Chemistry},
  volume={14},
  number={3},
  pages={271--274},
  year={1910},
  publisher={ACS Publications}
}

@article{ref5,
  title={On the Volterra and other nonlinear models of interacting populations},
  author={Goel, Narendra S and Maitra, Samaresh C and Montroll, Elliott W},
  journal={Reviews of modern physics},
  volume={43},
  number={2},
  pages={231},
  year={1971},
  publisher={APS}
}

@article{ref6,
  title={The Orgins and Evolution of Predator-Prey Theory},
  author={Berryman, Alan A},
  journal={Ecology},
  volume={73},
  number={5},
  pages={1530--1535},
  year={1992},
  publisher={Wiley Online Library}
}

@article{ref7,
  title={Mechanisms of interaction between Candida albicans and Streptococcus mutans: an experimental and mathematical modelling study},
  author={Brusca, Maria I and Irastorza, Ramiro M and Cattoni, Diego I and Ozu, Marcelo and Chara, Osvaldo},
  journal={Acta Odontologica Scandinavica},
  volume={71},
  number={3-4},
  pages={416--423},
  year={2013},
  publisher={Taylor \& Francis}
}

@article{ref8,
  title={The wolves of Isle Royale display scale-invariant satiation and ratio-dependent predation on moose},
  author={Jost, Christian and Devulder, Gregory and Vucetich, John A and Peterson, Rolf O and Arditi, Roger},
  journal={Journal of Animal Ecology},
  volume={74},
  number={5},
  pages={809--816},
  year={2005},
  publisher={Wiley Online Library}
}